%% This BibTeX bibliography file was created using BibDesk.
%% http://bibdesk.sourceforge.net/


%% Created for 北川谦一 at 2014-11-03 23:08:46 +0800 


%% Saved with string encoding Unicode (UTF-8) 



@article{girshick2014deformable,
	Author = {Girshick, Ross and Iandola, Forrest and Darrell, Trevor and Malik, Jitendra},
	Date-Added = {2014-11-03 14:34:41 +0000},
	Date-Modified = {2014-11-03 14:34:41 +0000},
	Journal = {arXiv preprint arXiv:1409.5403},
	Title = {Deformable Part Models are Convolutional Neural Networks},
	Year = {2014}}

@inproceedings{ouyang2013joint,
	Author = {Ouyang, Wanli and Wang, Xiaogang},
	Booktitle = {Computer Vision (ICCV), 2013 IEEE International Conference on},
	Date-Added = {2014-11-03 14:32:47 +0000},
	Date-Modified = {2014-11-03 14:32:47 +0000},
	Organization = {IEEE},
	Pages = {2056--2063},
	Title = {Joint deep learning for pedestrian detection},
	Year = {2013}}

@article{NIN,
	Author = {Min Lin and Qiang Chen and Shuicheng Yan},
	Date-Added = {2014-11-03 14:29:24 +0000},
	Date-Modified = {2014-11-03 14:29:42 +0000},
	Eprint = {1312.4400},
	Month = {12},
	Title = {Network in network},
	Url = {http://arxiv.org/abs/1312.4400},
	Year = {2013},
	Bdsk-Url-1 = {http://arxiv.org/abs/1312.4400}}

@article{goodfellow2013maxout,
	Author = {Goodfellow, Ian J and Warde-Farley, David and Mirza, Mehdi and Courville, Aaron and Bengio, Yoshua},
	Date-Added = {2014-11-03 14:23:32 +0000},
	Date-Modified = {2014-11-03 14:23:32 +0000},
	Journal = {arXiv preprint arXiv:1302.4389},
	Title = {Maxout networks},
	Year = {2013}}

@article{lee2014deeply,
	Author = {Lee, Chen-Yu and Xie, Saining and Gallagher, Patrick and Zhang, Zhengyou and Tu, Zhuowen},
	Date-Added = {2014-11-03 14:17:45 +0000},
	Date-Modified = {2014-11-03 14:17:45 +0000},
	Journal = {arXiv preprint arXiv:1409.5185},
	Title = {Deeply-Supervised Nets},
	Year = {2014}}

@inproceedings{tang2013deep,
	Author = {Tang, Yichuan},
	Booktitle = {Workshop on Challenges in Representation Learning, ICML},
	Date-Added = {2014-11-03 14:07:36 +0000},
	Date-Modified = {2014-11-03 14:07:36 +0000},
	Title = {Deep learning using linear support vector machines},
	Year = {2013}}

@inproceedings{yan2005graph,
	Author = {Yan, Shuicheng and Xu, Dong and Zhang, Benyu and Zhang, Hong-Jiang},
	Booktitle = {Computer Vision and Pattern Recognition, 2005. CVPR 2005. IEEE Computer Society Conference on},
	Date-Added = {2014-07-04 06:53:16 +0000},
	Date-Modified = {2014-07-04 06:53:16 +0000},
	Organization = {IEEE},
	Pages = {830--837},
	Title = {Graph embedding: A general framework for dimensionality reduction},
	Volume = {2},
	Year = {2005}}

@article{HYHNZ05,
	Author = {Xiaofei He and Shuicheng Yan and Yuxiao Hu and Partha Niyogi and Hong-Jiang Zhang},
	Date-Added = {2014-07-04 02:56:55 +0000},
	Date-Modified = {2014-07-04 02:56:55 +0000},
	Journal = {IEEE Trans. Pattern Anal. Mach. Intelligence},
	Number = {3},
	Pages = {328-340},
	Title = {Face Recognition Using Laplacianfaces},
	Volume = {27},
	Year = {2005}}

@article{CHHZ06,
	Author = {Deng Cai and Xiaofei He and Jiawei Han and Hong-Jiang Zhang},
	Date-Added = {2014-07-04 02:56:54 +0000},
	Date-Modified = {2014-07-04 02:56:54 +0000},
	Journal = {IEEE Transactions on Image Processing},
	Number = {11},
	Pages = {3608-3614},
	Title = {Orthogonal Laplacianfaces for Face Recognition},
	Volume = {15},
	Year = {2006}}

@inproceedings{CHH07b,
	Author = {Deng Cai and Xiaofei He and Jiawei Han},
	Booktitle = {Proc. Int. Conf. Computer Vision (ICCV'07)},
	Date-Added = {2014-07-04 02:56:53 +0000},
	Date-Modified = {2014-07-04 02:56:53 +0000},
	Title = {Spectral Regression for Efficient Regularized Subspace Learning},
	Year = {2007}}

@inproceedings{CHHH07,
	Author = {Deng Cai and Xiaofei He and Yuxiao Hu and Jiawei Han and Thomas Huang},
	Booktitle = {Proc. IEEE Conf. Computer Vision and Pattern Recognition Machine Learning (CVPR'07)},
	Date-Added = {2014-07-04 02:56:53 +0000},
	Date-Modified = {2014-07-04 02:56:53 +0000},
	Title = {Learning a Spatially Smooth Subspace for Face Recognition},
	Year = {2007}}

@article{martinez2001pca,
	Author = {Mart{¥'¥i}nez, Aleix M and Kak, Avinash C},
	Date-Added = {2014-07-03 13:46:37 +0000},
	Date-Modified = {2014-07-03 13:46:37 +0000},
	Journal = {Pattern Analysis and Machine Intelligence, IEEE Transactions on},
	Number = {2},
	Pages = {228--233},
	Publisher = {IEEE},
	Title = {Pca versus lda},
	Volume = {23},
	Year = {2001}}

@book{jolliffe2005principal,
	Author = {Jolliffe, Ian},
	Date-Added = {2014-07-03 13:45:33 +0000},
	Date-Modified = {2014-07-03 13:45:33 +0000},
	Publisher = {Wiley Online Library},
	Title = {Principal component analysis},
	Year = {2005}}

@article{bengio2009learning,
	Author = {Bengio, Yoshua},
	Date-Added = {2014-07-03 12:20:56 +0000},
	Date-Modified = {2014-07-03 12:20:56 +0000},
	Journal = {Foundations and trends{¥textregistered} in Machine Learning},
	Number = {1},
	Pages = {1--127},
	Publisher = {Now Publishers Inc.},
	Title = {Learning deep architectures for AI},
	Volume = {2},
	Year = {2009}}

@inproceedings{zeiler2011adaptive,
	Author = {Zeiler, Matthew D and Taylor, Graham W and Fergus, Rob},
	Booktitle = {Computer Vision (ICCV), 2011 IEEE International Conference on},
	Date-Added = {2014-07-02 08:56:17 +0000},
	Date-Modified = {2014-07-02 08:56:17 +0000},
	Organization = {IEEE},
	Pages = {2018--2025},
	Title = {Adaptive deconvolutional networks for mid and high level feature learning},
	Year = {2011}}

@inproceedings{nair2010rectified,
	Author = {Nair, Vinod and Hinton, Geoffrey E},
	Booktitle = {Proceedings of the 27th International Conference on Machine Learning (ICML-10)},
	Date-Added = {2014-07-02 06:17:06 +0000},
	Date-Modified = {2014-07-02 06:17:06 +0000},
	Pages = {807--814},
	Title = {Rectified linear units improve restricted boltzmann machines},
	Year = {2010}}

@article{georghiades2001few,
	Author = {Georghiades, Athinodoros S. and Belhumeur, Peter N. and Kriegman, David},
	Date-Added = {2014-07-01 10:47:58 +0000},
	Date-Modified = {2014-07-01 10:47:58 +0000},
	Journal = {Pattern Analysis and Machine Intelligence, IEEE Transactions on},
	Number = {6},
	Pages = {643--660},
	Publisher = {IEEE},
	Title = {From few to many: Illumination cone models for face recognition under variable lighting and pose},
	Volume = {23},
	Year = {2001}}

@misc{olivettioracle,
	Author = {Olivetti, Olivetti},
	Date-Added = {2014-07-01 10:43:44 +0000},
	Date-Modified = {2014-07-01 10:43:44 +0000},
	Title = {Oracle research laboratory face database of faces}}

@article{sim2003cmu,
	Author = {Sim, Terence and Baker, Simon and Bsat, Maan},
	Date-Added = {2014-07-01 10:42:47 +0000},
	Date-Modified = {2014-07-01 10:42:47 +0000},
	Journal = {Pattern Analysis and Machine Intelligence, IEEE Transactions on},
	Number = {12},
	Pages = {1615--1618},
	Publisher = {IEEE},
	Title = {The CMU pose, illumination, and expression database},
	Volume = {25},
	Year = {2003}}

@article{yan2007graph,
	Author = {Yan, Shuicheng and Xu, Dong and Zhang, Benyu and Zhang, Hong-Jiang and Yang, Qiang and Lin, Stephen},
	Date-Added = {2014-06-30 15:22:53 +0000},
	Date-Modified = {2014-06-30 15:22:53 +0000},
	Journal = {Pattern Analysis and Machine Intelligence, IEEE Transactions on},
	Number = {1},
	Pages = {40--51},
	Publisher = {IEEE},
	Title = {Graph embedding and extensions: a general framework for dimensionality reduction},
	Volume = {29},
	Year = {2007},
	Bdsk-File-1 = {YnBsaXN0MDDUAQIDBAUGJCVYJHZlcnNpb25YJG9iamVjdHNZJGFyY2hpdmVyVCR0b3ASAAGGoKgHCBMUFRYaIVUkbnVsbNMJCgsMDxJXTlMua2V5c1pOUy5vYmplY3RzViRjbGFzc6INDoACgAOiEBGABIAFgAdccmVsYXRpdmVQYXRoWWFsaWFzRGF0YW8QiQAuAC4ALwAuAC4ALwAuAC4ALwBEAG8AYwB1AG0AZQBuAHQAcwAvADEAX3nReBQALwAzAF9O+1KhW4ljkv8NT1Vb/AAvADEAMgAgAEcAcgBhAHAAaAAgAEUAbQBiAGUAZABkAGkAbgBnAC8ARwByAGEAcABoACAARQBtAGIAZQBkAGQAaQBuAGcAIABhAG4AZAAgAEUAeAB0AGUAbgBzAGkAbwBuAHMAIAAtAEEAIABHAGUAbgBlAHIAYQBsACAARgByAGEAbQBlAHcAbwByAGsAIABmAG8AcgAgAEQAaQBtAGUAbgBzAGkAbwBuAGEAbABpAHQAeQAgAFIAZQBkAHUAYwB0AGkAbwBuAC4AcABkAGbSFwsYGVdOUy5kYXRhTxEC3AAAAAAC3AACAAAMTWFjaW50b3NoIEhEAAAAAAAAAAAAAAAAAAAAzpgcQ0grAAAA2oQ+H0dyYXBoIEVtYmVkZGluZyBhbmQgI0UwQzE5Mi5wZGYAAAAAAAAAAAAAAAAAAAAAAAAAAAAAAAAAAAAAAAAAAADgwZLP22swAAAAAAAAAAAAAwAFAAAJIAAAAAAAAAAAAAAAAAAAABIxMiBHcmFwaCBFbWJlZGRpbmcAEAAIAADOl6vDAAAAEQAIAADP2vqwAAAAAQAYANqEPgAvwVQAM3yuAAj6PQAI+jwAAmSOAAIAdk1hY2ludG9zaCBIRDpVc2VyczoAZ2FueXVmZWk6AERvY3VtZW50czoAMV+/xtHQOgAzX8jOzvGwssXFo626zrW8OgAxMiBHcmFwaCBFbWJlZGRpbmc6AEdyYXBoIEVtYmVkZGluZyBhbmQgI0UwQzE5Mi5wZGYADgCqAFQARwByAGEAcABoACAARQBtAGIAZQBkAGQAaQBuAGcAIABhAG4AZAAgAEUAeAB0AGUAbgBzAGkAbwBuAHMAIAAtAEEAIABHAGUAbgBlAHIAYQBsACAARgByAGEAbQBlAHcAbwByAGsAIABmAG8AcgAgAEQAaQBtAGUAbgBzAGkAbwBuAGEAbABpAHQAeQAgAFIAZQBkAHUAYwB0AGkAbwBuAC4AcABkAGYADwAaAAwATQBhAGMAaQBuAHQAbwBzAGgAIABIAEQAEgChVXNlcnMvZ2FueXVmZWkvRG9jdW1lbnRzLzFf56eR56CULzNf5Lu75Yqh5a6J5o6S77yN5L2V5a+8LzEyIEdyYXBoIEVtYmVkZGluZy9HcmFwaCBFbWJlZGRpbmcgYW5kIEV4dGVuc2lvbnMgLUEgR2VuZXJhbCBGcmFtZXdvcmsgZm9yIERpbWVuc2lvbmFsaXR5IFJlZHVjdGlvbi5wZGYAABMAAS8AABUAAgAP//8AAIAG0hscHR5aJGNsYXNzbmFtZVgkY2xhc3Nlc11OU011dGFibGVEYXRhox0fIFZOU0RhdGFYTlNPYmplY3TSGxwiI1xOU0RpY3Rpb25hcnmiIiBfEA9OU0tleWVkQXJjaGl2ZXLRJidUcm9vdIABAAgAEQAaACMALQAyADcAQABGAE0AVQBgAGcAagBsAG4AcQBzAHUAdwCEAI4BowGoAbAEkASSBJcEogSrBLkEvQTEBM0E0gTfBOIE9AT3BPwAAAAAAAACAQAAAAAAAAAoAAAAAAAAAAAAAAAAAAAE/g==}}

@inproceedings{dalal2005histograms,
	Author = {Dalal, Navneet and Triggs, Bill},
	Booktitle = {Computer Vision and Pattern Recognition, 2005. CVPR 2005. IEEE Computer Society Conference on},
	Date-Added = {2014-06-28 03:59:26 +0000},
	Date-Modified = {2014-06-28 03:59:26 +0000},
	Organization = {IEEE},
	Pages = {886--893},
	Title = {Histograms of oriented gradients for human detection},
	Volume = {1},
	Year = {2005}}

@article{baraniuk2007compressive,
	Author = {Baraniuk, Richard G},
	Date-Added = {2014-06-28 03:59:05 +0000},
	Date-Modified = {2014-06-28 03:59:05 +0000},
	Journal = {IEEE signal processing magazine},
	Number = {4},
	Title = {Compressive sensing},
	Volume = {24},
	Year = {2007}}

@article{chang2011libsvm,
	Author = {Chang, Chih-Chung and Lin, Chih-Jen},
	Date-Added = {2014-06-28 03:58:38 +0000},
	Date-Modified = {2014-06-28 03:58:38 +0000},
	Journal = {ACM Transactions on Intelligent Systems and Technology (TIST)},
	Number = {3},
	Pages = {27},
	Publisher = {ACM},
	Title = {LIBSVM: a library for support vector machines},
	Volume = {2},
	Year = {2011}}

@article{lecun1998gradient,
	Author = {LeCun, Yann and Bottou, L{\'e}on and Bengio, Yoshua and Haffner, Patrick},
	Date-Added = {2014-06-28 03:58:18 +0000},
	Date-Modified = {2014-06-28 03:58:18 +0000},
	Journal = {Proceedings of the IEEE},
	Number = {11},
	Pages = {2278--2324},
	Publisher = {IEEE},
	Title = {Gradient-based learning applied to document recognition},
	Volume = {86},
	Year = {1998}}

@article{lowe2004distinctive,
	Author = {Lowe, David G},
	Date-Added = {2014-06-28 03:57:27 +0000},
	Date-Modified = {2014-06-28 03:57:27 +0000},
	Journal = {International journal of computer vision},
	Number = {2},
	Pages = {91--110},
	Publisher = {Springer},
	Title = {Distinctive image features from scale-invariant keypoints},
	Volume = {60},
	Year = {2004}}

@article{tropp2007signal,
	Author = {Tropp, Joel A and Gilbert, Anna C},
	Date-Added = {2014-06-28 03:56:53 +0000},
	Date-Modified = {2014-06-28 03:56:53 +0000},
	Journal = {Information Theory, IEEE Transactions on},
	Number = {12},
	Pages = {4655--4666},
	Publisher = {IEEE},
	Title = {Signal recovery from random measurements via orthogonal matching pursuit},
	Volume = {53},
	Year = {2007}}

@inproceedings{karpathy2014large,
	Author = {Karpathy, Andrej and Toderici, George and Shetty, Sanketh and Leung, Thomas and Sukthankar, Rahul and Fei-Fei, Li},
	Booktitle = {IEEE Conference on Computer Vision and Pattern Recognition (CVPR)},
	Date-Added = {2014-06-28 03:56:34 +0000},
	Date-Modified = {2014-06-28 03:56:34 +0000},
	Title = {Large-scale video classification with convolutional neural networks},
	Year = {2014}}

@article{sharif2014cnn,
	Author = {Sharif Razavian, Ali and Azizpour, Hossein and Sullivan, Josephine and Carlsson, Stefan},
	Date-Added = {2014-06-28 03:56:24 +0000},
	Date-Modified = {2014-06-28 03:56:24 +0000},
	Journal = {arXiv preprint arXiv:1403.6382},
	Title = {CNN Features off-the-shelf: an Astounding Baseline for Recognition},
	Year = {2014}}

@inproceedings{krizhevsky2012imagenet,
	Author = {Krizhevsky, Alex and Sutskever, Ilya and Hinton, Geoffrey E},
	Booktitle = {Advances in neural information processing systems},
	Date-Added = {2014-06-28 03:54:56 +0000},
	Date-Modified = {2014-06-28 03:54:56 +0000},
	Pages = {1097--1105},
	Title = {Imagenet classification with deep convolutional neural networks},
	Year = {2012}}

@article{chan2014pcanet,
	Author = {Chan, Tsung-Han and Jia, Kui and Gao, Shenghua and Lu, Jiwen and Zeng, Zinan and Ma, Yi},
	Date-Added = {2014-06-28 03:54:06 +0000},
	Date-Modified = {2014-06-28 03:54:06 +0000},
	Journal = {arXiv preprint arXiv:1404.3606},
	Title = {PCANet: A Simple Deep Learning Baseline for Image Classification?},
	Year = {2014}}

@article{sermanet2013overfeat,
	Author = {Sermanet, Pierre and Eigen, David and Zhang, Xiang and Mathieu, Micha{\"e}l and Fergus, Rob and LeCun, Yann},
	Date-Added = {2014-06-28 03:49:47 +0000},
	Date-Modified = {2014-06-28 03:49:47 +0000},
	Journal = {arXiv preprint arXiv:1312.6229},
	Title = {Overfeat: Integrated recognition, localization and detection using convolutional networks},
	Year = {2013}}
